%% This BibTeX bibliography file was created using BibDesk.
%% http://bibdesk.sourceforge.net/


%% Created for chi cheng at 2016-06-09 16:12:03 +0200 


%% Saved with string encoding Unicode (UTF-8) 



@book{Sethian1999,
	//Edition = {Second},
	//Note = {Evolving interfaces in computational geometry, fluid mechanics, computer vision, and materials science},
	//Volume = {3},
	Author = {Sethian, J. A.},
	Date-Added = {2016-06-09 14:05:09 +0000},
	Date-Modified = {2016-06-09 14:05:16 +0000},
	Isbn = {0-521-64204-3; 0-521-64557-3},
	Mrclass = {65D17 (00A69 65D18 68U10 74S30 76M25)},
	Mrnumber = {1700751 (2000c:65015)},
	Publisher = {Cambridge University Press, Cambridge},
	Series = {Cambridge Monographs on Applied and Computational Mathematics},
	Title = {Level set methods and fast marching methods},
	Year = {1999}}

@book{Osher2003,
	//Doi = {10.1007/b98879},
	//Series = {Applied Mathematical Sciences},
	//Url = {http://dx.doi.org/10.1007/b98879},
	//Volume = {153},
	Author = {Osher, Stanley and Fedkiw, Ronald},
	Date-Added = {2016-06-09 14:04:55 +0000},
	Date-Modified = {2016-06-09 14:05:04 +0000},
	Isbn = {0-387-95482-1},
	Mrclass = {65-02 (65D18 65Mxx 68U10 76M25 76M99 94A08)},
	Mrnumber = {1939127 (2003j:65002)},
	Mrreviewer = {Luiz Henrique de Figueiredo},
	Pages = {xiv+273},
	Publisher = {Springer-Verlag, New York},
	Title = {Level set methods and dynamic implicit surfaces},
	Year = {2003}}

@article{Mittal2008,
	Author = {R. Mittal and H. Dong and M. Bozkurttas and F.M. Najjar and A. Vargas and A. von Loebbecke},
	Date-Added = {2016-06-09 13:56:50 +0000},
	Date-Modified = {2016-06-09 13:57:01 +0000},
	Doi = {http://dx.doi.org/10.1016/j.jcp.2008.01.028},
	Issn = {0021-9991},
	Journal = {Journal of Computational Physics},
	Keywords = {Body non-conformal grid methods},
	Number = {10},
	Pages = {4825 - 4852},
	Title = {A versatile sharp interface immersed boundary method for incompressible flows with complex boundaries},
	Url = {http://www.sciencedirect.com/science/article/pii/S0021999108000235},
	Volume = {227},
	Year = {2008},
	Bdsk-Url-1 = {http://www.sciencedirect.com/science/article/pii/S0021999108000235},
	Bdsk-Url-2 = {http://dx.doi.org/10.1016/j.jcp.2008.01.028}}

@article{Chi2016,
	Author = {Chi, Cheng and Lee, Bok Jik and Im, Hong G.},
	Date-Added = {2016-06-09 13:55:55 +0000},
	Date-Modified = {2016-06-09 13:56:40 +0000},
	Doi = {10.1002/fld.4262},
	Issn = {1097-0363},
	Journal = {International Journal for Numerical Methods in Fluids},
	Keywords = {compressible flow, Cartesian grid, immersed boundary, ghost-cell method, level-set method, cut-cell method},
	Note = {fld.4262},
	Pages = {n/a--n/a},
	Title = {An improved ghost-cell immersed boundary method for compressible flow simulations},
	Url = {http://dx.doi.org/10.1002/fld.4262},
	Year = {2016},
	Bdsk-Url-1 = {http://dx.doi.org/10.1002/fld.4262}}

@article{dinosoars2015,
	Author = {Abouelmagd Abdelsamie and Gordon Fru and Timo Oster and Felix Dietzsch and G{\'a}bor Janiga and Dominique Th{\'e}venin},
	Date-Added = {2016-06-08 13:05:56 +0000},
	Date-Modified = {2016-06-08 13:06:20 +0000},
	Doi = {http://dx.doi.org/10.1016/j.compfluid.2016.03.017},
	Issn = {0045-7930},
	Journal = {Computers & Fluids},
	Keywords = {Spray},
	Pages = {123 - 141},
	Title = {Towards direct numerical simulations of low-Mach number turbulent reacting and two-phase flows using immersed boundaries},
	Url = {http://www.sciencedirect.com/science/article/pii/S0045793016300706},
	Volume = {131},
	Year = {2016},
	Bdsk-Url-1 = {http://www.sciencedirect.com/science/article/pii/S0045793016300706},
	Bdsk-Url-2 = {http://dx.doi.org/10.1016/j.compfluid.2016.03.017}}

@article{Parcomb,
	Author = {Th\'evenin D.{,} Behrendt F.{,} Maas U.{,} Przywara B.{,} Warnatz J.},
	Journal = {Comput. Fluids},
	Number = {5},
	Pages = {485--496},
	Title = {Development of a parallel direct simulation code to investigate reactive flows},
	Volume = {25},
	Year = {1996}}

@article{Hilbert,
	Author = {Hilbert R.{,} Th\'evenin D.},
	Journal = {Combust. Flame},
	Pages = {175--187},
	Title = {Influence of differential diffusion on maximum flame temperature in turbulent non-premixed hydrogen/air flames},
	Volume = {138},
	Year = {2004}}

@article{pi3,
	Author = {Th\'evenin D.{,} Gicquel O.{,} de Charentenay J.{,} Hilbert R.{,} Veynante D.},
	Journal = {Proc. Combust. Inst.},
	Pages = {2031--2039},
	Title = {Two- versus three-dimensional direct simulations of turbulent methane flame kernels using realistic chemistry},
	Volume = {29},
	Year = {2003}}

@article{pi32,
	Author = {Th\'evenin D.},
	Journal = {Proc. Combust. Inst.},
	Pages = {629--637},
	Title = {Three-dimensional direct simulations and structure of expanding turbulent methane flames},
	Volume = {30},
	Year = {2005}}

@book{oran1987,
	Author = {Oran E.S.{,} Boris J.P.},
	Publisher = {Elsevier},
	Title = {Numerical {S}imulation of {R}eactive {F}lows},
	Year = {1987}}

@article{reynolds1990,
	Author = {Reynolds W.C.},
	Pages = {313--343},
	Title = {The potential and limitations of direct and large eddy simulation. {L}ecture Notes in {P}hysics, {B}erlin, {H}eidelberg, {S}pringer},
	Volume = {357},
	Year = {1990}}

@article{poinsot1991,
	Author = {Poinsot T.{,} Veynante D.{,} Candel S.},
	Journal = {J. Fluid Mech.},
	Pages = {561--606},
	Title = {Quenching processes and premixed turbulent combustion diagrams},
	Volume = {228},
	Year = {1991}}

@article{Baum1994,
	Author = {Baum M.{,} Poinsot T.{,} Haworth D.C.{,} Darabiha N.},
	Journal = {J. Fluid Mech.},
	Pages = {1--32},
	Title = {Direct numerical simulation of {H}$_2$/{O}$_2$/{N}$_2$ flames with complex chemistry in two-dimensional turbulent flows},
	Volume = {281},
	Year = {1994}}

@article{poinsot1996,
	Author = {Poinsot T.{,} Candel S.{,} Trouv\'e A.},
	Journal = {Prog. Energy Combust. Sci.},
	Pages = {531--576},
	Title = {Applications of direct numerical simulation to premixed turbulent combustion},
	Volume = {21},
	Year = {1996}}

@article{vervisch1998,
	Author = {Vervisch L.{,} Veynante D.},
	Journal = {Annu. Rev. Fluid Mech.},
	Pages = {655--691},
	Title = {Direct numerical simulation of non-premixed turbulent flames},
	Volume = {30},
	Year = {1998}}

@article{thevenin1995,
	Author = {Th\'{e}venin D.{,} Behrendt F.{,} Maas U.{,} Warnatz J.},
	Pages = {378--383},
	Title = {Simulation of reacting flows with a portable parallel code using dynamic load-balancing, in: High-performance computing and networking. {L}ecture {N}otes in {C}omputer {S}cience, {B}erlin, {H}eidelberg, {S}pringer},
	Volume = {919},
	Year = {1995}}

@article{thevenin2005,
	Author = {Th\'{e}venin D.{,} Behrendt F.{,} Maas U.{,} Warnatz J.},
	Pages = {125--130},
	Title = {Parallel simulation of reacting flows using detailed chemistry. {L}ecture {N}otes in {C}omputer {S}cience, {B}erlin, {H}eidelberg, {S}pringer},
	Volume = {796},
	Year = {1994}}

@article{hawkes2007,
	Author = {Hawkes E.R.{,} Sankaran R.{,} Sutherland J.C.{,} Chen J.H.},
	Journal = {Proc. Combust. Inst.},
	Pages = {1633--1640},
	Title = {Scalar mixing in direct numerical simulations of temporally evolving plane jet flames with skeletal {CO}/{H}$_2$ kinetics},
	Volume = {32},
	Year = {2007}}

@article{coussement2013,
	Author = {Coussement A.{,} Gicquel O.{,} Fiorina B.{,} Degrez G.{,} Darabiha N.},
	Journal = {J. Comput. Phys.},
	Pages = {259-280},
	Title = {Multicomponent real gas {3-D-NSCBC} for direct numerical simulation of reactive compressible viscous flows},
	Volume = {245},
	Year = {2013}}

@article{Bansal2015,
	Author = {Bansal G.{,} Mascarenhas A.{,} Chen J.H.},
	Journal = {Combust. Flame},
	Pages = {688--702},
	Title = {Direct numerical simulations of autoignition in stratified dimethyl-ether {(DME)}/air turbulent mixtures},
	Volume = {162},
	Year = {2015}}

@article{Bhagatwala2015,
	Author = {Bhagatwala A.{,} Luo Z.{,} Shen H.{,} Sutton J.A.{,} Lu T.{,} Chen J.H.},
	Journal = {Proc. Combust. Inst.},
	Pages = {1157--1166},
	Title = {Numerical and experimental investigation of turbulent {DME} jet flames},
	Volume = {35},
	Year = {2015}}

@article{Duret2013,
	Author = {Duret B.{,} Reveillon J.{,} Menard M.{,} Demoulin F.X.},
	Journal = {Int. J. Multiphase Flow},
	Pages = {130--137},
	Title = {Improving primary atomization modeling through {DNS} of two-phase flows},
	Volume = {55},
	Year = {2013}}

@article{Komori2014,
	Author = {Kitano T.{,} Nishio J.{,} Kurose R.{,} Komori S.},
	Journal = {Combust. Flame},
	Pages = {551--564},
	Title = {Effects of ambient pressure, gas temperature and combustion reaction on droplet evaporation.},
	Volume = {161},
	Year = {2014}}

@article{julian2002,
	Author = {de Charentenay J.{,} Th\'{e}venin D.{,} Zamuner B.},
	Journal = {Int. J. Numer. Meth. Fluids},
	Pages = {497--515},
	Title = {Comparison of direct numerical simulations of turbulent flames using compressible or low-{M}ach number formulations},
	Volume = {39},
	Year = {2002}}

@book{poinsotbook,
	Author = {Poinsot T.{,} Veynante D.},
	Edition = {3rd},
	Publisher = {Aquaprint, Bordeaux, France},
	Title = {Theoretical and {N}umerical {C}ombustion},
	Year = {2011}}

@article{majda1985,
	Author = {Majda A.{,} Sethian J.},
	Journal = {Combust. Sci. Technol.},
	Pages = {185--205},
	Title = {The derivation and numerical solution of the equations for zero {M}ach number combustion.},
	Volume = {42},
	Year = {1985}}

@article{PECS,
	Author = {Hilbert R.{,} Tap F.{,} El-Rabii H.{,} Th\'evenin D.},
	Journal = {Prog. Energy Combust. Sci.},
	Pages = {61--117},
	Title = {Impact of detailed chemistry and transport models on turbulent combustion simulations},
	Volume = {30},
	Year = {2004}}

@article{ern_1994,
	Author = {Ern A.{,} Giovangigli V.},
	Title = {Multicomponent {T}ransport {A}lgorithms. {L}ecture {N}otes in {P}hysics {M}onographs, {B}erlin, {H}eidelberg, {S}pringer},
	Volume = {24},
	Year = {1994}}

@article{ern_1995,
	Author = {Ern A.{,} Giovangigli V.},
	Journal = {J. Comput. Phys.},
	Number = {1},
	Pages = {105--116},
	Title = {Fast and accurate multicomponent transport property evaluation},
	Volume = {120},
	Year = {1995}}

@article{Gordon,
	Author = {Fru G.{,} Janiga G.{,} Th\'evenin D.},
	Journal = {Flow Turb. Combust.},
	Pages = {451--478},
	Title = {Impact of volume viscosity on the structure of turbulent premixed flames in the thin reaction zone regime},
	Volume = {88},
	Year = {2012}}

@inproceedings{2decomp_fft,
	Author = {Li N.{,} Laizet S.},
	Booktitle = {{C}ray {U}ser's {G}roup 2010 conference},
	Title = {{2DECOMP\&FFT} - a highly scalable 2{D} decomposition library and {FFT} interface},
	Year = {2010}}

@article{laizet2010,
	Author = {Laizet S.{,} Lamballais E.{,} Vassilicos J.C.},
	Journal = {Comput. Fluids},
	Pages = {471--484},
	Title = {A numerical strategy to combine high-order schemes, complex geometry and parallel computing for high resolution {DNS} of fractal generated turbulence},
	Volume = {39},
	Year = {2010}}

@article{laizet2011,
	Author = {Laizet S.{,} Li N.},
	Journal = {Int. J. Numer. Meth. Fluids},
	Pages = {1735-1757},
	Title = {Incompact3d: {A} powerful tool to tackle turbulence problems with up to ${O}(10^5)$ computational cores},
	Volume = {67},
	Year = {2011}}

@book{NR1992,
	Author = {Press W.H.{,} Teukolsky S.A.{,} Vetterling W.T.{,} Flannery B.P.},
	Edition = {2nd},
	Publisher = {{C}ambridge {U}niversity {P}ress},
	Title = {Numerical {R}ecipes in FORTRAN},
	Year = {1992}}

@article{kim1985,
	Author = {Kim J.{,} Moin P.},
	Journal = {J. Comput. Phys.},
	Pages = {308--323},
	Title = {Application of a fractional-step method to incompressible {N}avier-{S}tokes equations},
	Volume = {59},
	Year = {1985}}

@article{brown2001,
	Author = {Brown D.{,} Cortez R.{,} Minion M.},
	Journal = {J. Comput. Phys.},
	Number = {2},
	Pages = {464-499},
	Title = {Accurate projection methods for the incompressible {N}avier-{S}tokes equations},
	Volume = {168},
	Year = {2001}}

@article{lucci2010,
	Author = {Lucci F.{,} Ferrante A.{,} Elghobashi S.},
	Journal = {J. Fluid Mech.},
	Pages = {5-55},
	Title = {Modulation of isotropic turbulence by particles of {T}aylor-length-scale size},
	Volume = {650},
	Year = {2010}}

@article{najm1998,
	Author = {Najm H. N.{,} Wyckoff P.S.{,} Knio O.M.},
	Journal = {J. Comput. Phys.},
	Pages = {381--402},
	Title = {A semi-implicit numerical scheme for reacting flow. {I}. {S}tiff chemistry},
	Volume = {143},
	Year = {1998}}

@article{najm1999,
	Author = {Knio O.M.{,} Najm H.N.{,} Wyckoff P.S.},
	Journal = {J. Comput. Phys.},
	Pages = {428--467},
	Title = {A semi-implicit numerical scheme for reacting flow. {II}. {S}tiff, operator-split formulation},
	Volume = {154},
	Year = {1999}}

@book{Hairer1996,
	Author = {Hairer E.{,} Wanner G.},
	Edition = {2nd revised},
	Publisher = {Berlin, Springer-Verlag},
	Title = {Solving {O}rdinary {D}ifferential {E}quations {II}: {S}tiff and differential-algebraic problems},
	Year = {1999}}

@article{caudal2015,
	Author = {Caudal J.{,} Fiorina B.{,} Lab\'egorre B.{,} Gicquel O.},
	Journal = {Fuel Process. Technol.},
	Pages = {231--242},
	Title = {Modeling interactions between chemistry and turbulence for simulations of partial oxidation processes},
	Volume = {134},
	Year = {2015}}

@article{zhong1996,
	Author = {Zhong X.},
	Journal = {J. Comput. Phys.},
	Pages = {19--31},
	Title = {Additive semi-implicit {R}unge-{K}utta methods for computing high speed non equilibrium reactive flows},
	Volume = {128},
	Year = {1996}}

@article{colley1970,
	Author = {Cooley J. W.{,} Lewis P.A.W.{,} Welsh P.D.},
	Journal = {J. Sound Vib.},
	Pages = {315-337},
	Title = {The fast {F}ourier transform algorithm: {P}rogramming considerations in the calculation of sine, cosine and {L}aplace transforms},
	Volume = {12},
	Year = {1970}}

@article{Swarztrauber1986,
	Author = {Swarztrauber P.N.},
	Journal = {Math. Comput.},
	Pages = {323--346},
	Title = {Symmetric {FFT}s},
	Volume = {47},
	Year = {1986}}

@online{hypre,
	Title = {\url{http://computation.llnl.gov/project/linear\_solvers/software.php}}}

@article{Baum1995,
	Author = {Baum M.{,} Poinsot T.{,} Th\'evenin D.},
	Journal = {J. Comput. Phys.},
	Pages = {247--261},
	Title = {Accurate boundary conditions for multicomponent reactive flows.},
	Volume = {116},
	Year = {1995}}

@article{Kraichnan1970,
	Author = {Kraichnan R.H.},
	Journal = {Phys. Fluids},
	Pages = {22--31},
	Title = {Diffusion by a random velocity field},
	Volume = {13},
	Year = {1970}}

@article{klein2003,
	Author = {Klein M.{,} Sadiki A.{,} Janicka J},
	Journal = {J. Comput. Phys.},
	Pages = {625--665},
	Title = {A digital filter based generation of inflow data for spatially developing direct numerical or large eddy simulation},
	Volume = {186},
	Year = {2002}}

@article{kempf2005,
	Author = {Kempf A.{,} Klein M.{,} Janicka J.},
	Journal = {Flow Turb. Combust.},
	Pages = {67--84},
	Title = {Efficient generation of initial-and inflow-conditions for transient turbulent flows in arbitrary geometries},
	Volume = {74},
	Year = {2005}}

@book{anderson1995,
	Author = {Anderson J.D.},
	Publisher = {McGraw-Hill},
	Title = {Computational {F}luid {D}ynamics: the basics with applications},
	Year = {1995}}

@book{tannehill1997,
	Author = {Tannehill J.C.{,} Anderson D.A.{,} Pletcher R.H.},
	Edition = {2nd},
	Publisher = {Taylor \& Francis, Washington},
	Title = {Computational {F}luid {M}echanics and {H}eat {T}ransfer},
	Year = {1997}}

@book{Farrashkhalvat2003,
	Author = {Farrashkhalvat M.{,} Miles J.P.},
	Publisher = {Butterworth-Heinemann, Oxford},
	Title = {Basic {S}tructured {G}rid {G}eneration: with an introduction to unstructured grid generation},
	Year = {2003}}

@article{fadlun2000,
	Author = {Fadlun E.A.{,} Verzicco R.{,} Orlandi P.{,} Mohd-Yusof J.},
	Journal = {J. Comput. Phys.},
	Pages = {35--60},
	Title = {Combined immersed-boundary finite-difference methods for three-dimensional complex flow simulations},
	Volume = {161},
	Year = {2000}}

@article{mittal2005,
	Author = {Mittal R.{,} Iaccarino G.},
	Journal = {Annu. Rev. Fluid Mech.},
	Pages = {239--261},
	Title = {Immersed boundary methods},
	Volume = {37},
	Year = {2005}}

@article{Steinman2013,
	Author = {Steinman D.A.{,} Hoi Y.{,} Fahy P.{,} Morris L.{,} Walsh M.T.{,} Aristokleous N.{,} Anayiotos A.S.{,} Papaharilaou Y.{,} Arzani A.{,} Shadden S.C.{,} Berg P.{,} Janiga G.{,} et al.},
	Journal = {J Biomech Eng.},
	Pages = {021016},
	Title = {Variability of computational fluid dynamics solutions for pressure and flow in a giant aneurysm: the {ASME} 2012 {S}ummer {B}ioengineering {C}onference {CFD} {C}hallenge},
	Volume = {135},
	Year = {2013}}

@article{amir2015,
	Author = {Eshghinejadfard A.{,} Abdelsamie A.{,} Janiga G.{,} Th\'evenin D.},
	Journal = {Particuology},
	Note = {in press, http://dx.doi.org/10.1016/j.partic.2015.05.004},
	Title = {Direct-forcing immersed boundary lattice {B}oltzmann simulation of particle/fluid interactions for spherical and non-spherical particles}}

@inproceedings{abdelsamie2015,
	Author = {Abdelsamie A.{,} Th\'evenin D.},
	Booktitle = {ERCOFTAC Workshop Direct and Large-Eddy Simulation 10},
	Note = {Limassol, Cyprus, 2015, pp 152},
	Title = {Direct numerical simulation of burning $n$-heptane droplets: auto-ignition and turbulence modulation mechanisms}}

@article{abdelsamie2012,
	Author = {Abdelsamie A.{,} Lee C.},
	Journal = {Phys. Fluids},
	Pages = {015106},
	Title = {Decaying versus stationary turbulence in particle-laden isotropic turbulence: {T}urbulence modulation mechanism},
	Volume = {24},
	Year = {2012}}

@article{abdelsamie2013,
	Author = {Abdelsamie A.{,} Lee C.},
	Journal = {Phys. Fluids},
	Pages = {033303},
	Title = {Decaying versus stationary turbulence in particle-laden isotropic turbulence: {H}eavy particle statistics modifications},
	Volume = {25},
	Year = {2013}}

@article{Uhlmann2005,
	Author = {Uhlmann M.},
	Journal = {J. Comput. Phys.},
	Pages = {448--476},
	Title = {An immersed boundary method with direct forcing for the simulation of particulate flows},
	Volume = {209},
	Year = {2005}}

@inproceedings{abdelsamie_dles9,
	Author = {Abdelsamie A.{,} Th\'{e}venin D.},
	Booktitle = {Direct and {L}arge-{E}ddy {S}imulation {IX}},
	Note = {Fr\"ohlich J. {et al.} Eds., ERCOFTAC Series, Springer, 2015, pp 621-629},
	Title = {Modulation of isotropic turbulence by resolved and non-resolved spherical particles}}

@inproceedings{abdelsamie_asme2014,
	Author = {Abdelsamie A.{,} Eshghinejadfard A.{,} Oster T.{,} Th\'{e}venin D.},
	Note = {In Proceedings of the 4th ASME 2014 Joint US-European Fluids Engineering Division Summer Meeting (Chicago, IL), 2014},
	Title = {Impact of the collision model for fully resolved particles interacting in a fluid}}

@article{Inanand2013,
	Author = {Inanand B.{,} Bahadir A.R.},
	Journal = {J. Phys.},
	Number = {4},
	Pages = {547--556},
	Title = {Numerical solution of the one-dimensional {B}urgers' equation: {I}mplicit and fully implicit exponential finite difference methods},
	Volume = {81},
	Year = {2013}}

@article{ghia1982,
	Author = {Ghia U.{,} Ghia K.N.{,} Shin C.T.},
	Journal = {J. Comput. Phys.},
	Pages = {387--411},
	Title = {High-resolutions for incompressible flows using {N}avier-{S}tokes equations and a multigrid method},
	Volume = {48},
	Year = {1982}}

@article{botella1998,
	Author = {Botella O.{,} Peyret R. Benchmark spectral results on the lid-driven cavity flow},
	Number = {4},
	Pages = {421-433},
	Title = {Comput. Fluids},
	Volume = {27},
	Year = {1998}}

@article{comte1971,
	Author = {Comte-Bellot G.{,} Corrsin S.},
	Journal = {J. Fluid Mech.},
	Number = {2},
	Pages = {273--337},
	Title = {Simple Eulerian time correlation of full and narrow band velocity signals in isotropic turbulence},
	Volume = {48},
	Year = {1971}}

@article{wang2013-tgv,
	Author = {Wang Z.J.{,} Fidkowski K.{,} Abgrall R.{,} Bassi F.{,} Caraen D.{,} Cary A.{,} Deconinck H.{,} Hartmann R.{,} Hillewaert K.{,} Huynh H.{,} Kroll N.{,} May G.{,} Persson P.-O.{,} van Leer B.{,} Visbal M.},
	Journal = {Int. J. Numer. Meth. Fluids},
	Pages = {811--845},
	Title = {High-order {CFD} methods: current status and perspective},
	Volume = {72},
	Year = {2013}}

@article{debonis2013,
	Author = {De{B}onis J.R.},
	Journal = {AIAA paper 2013-0382},
	Title = {Solutions of the {T}aylor-{G}reen vortex problem using high-resolution explicit finite difference methods},
	Year = {2013}}

@article{vanrees2011,
	Author = {van Rees W.M.{,} Leonard A.{,} Pullin D.I.{,} Koumoutsakos P.},
	Journal = {J. Comput. Phys.},
	Pages = {2794-2805},
	Title = {A comparison of vortex and pseudo-spectral methods for the simulation of periodic vortical flows at high {R}eynolds numbers},
	Volume = {230},
	Year = {2011}}

@article{moser1999,
	Author = {Moser R.{,} Kim J.{,} Mansour N.N.},
	Journal = {Phys. Fluids},
	Number = {4},
	Pages = {943--945},
	Title = {Direct numerical simulation of turbulent channel flow up to {R}e$_\tau=590$},
	Volume = {11},
	Year = {1999}}

@article{vreman2014,
	Author = {Vreman A. W.{,} Kuerten J. G. M.},
	Journal = {Phys. Fluids},
	Pages = {015102},
	Title = {Comparison of direct numerical simulation databases of turbulent channel flow at {R}e$_\tau=180$},
	Volume = {26},
	Year = {2014}}

@article{Dennis1970,
	Author = {\corrected{Dennis, S.C.R.{,} Chang G.-Z.}},
	Journal = {{J. Fluid Mech.}},
	Number = {3},
	Pages = {471--489},
	Title = {\corrected{Numerical solutions for steady flow past a circular cylinder at {R}eynolds numbers up to 100}},
	Volume = {42},
	Year = {1970}}

@article{Niu2003,
	Author = {\corrected{Niu X.D.{,} Chew Y.T.{,} Shu C.}},
	Journal = {J. Comput. Phys.},
	Pages = {176--193},
	Title = {\corrected{Simulation of flows around an impulsively started circular cylinder by {T}aylor series expansion- and least squares-based lattice {B}oltzmann method}},
	Volume = {188},
	Year = {2003}}

@article{Niu2006,
	Author = {\corrected{Niu X.D.{,} Shu C.{,} Chew Y.T.{,} Peng Y.}},
	Journal = {Phys. Lett. A},
	Pages = {173--182},
	Title = {\corrected{A momentum exchange-based immersed boundary-lattice {B}oltzmann method for simulating incompressible viscous flows}},
	Volume = {354},
	Year = {2006}}

@online{ucs,
	Title = {Chemical kinetic mechanism for combustion applications, {C}enter for energy research ({C}ombustion division), {U}niversity of {C}alifornia at {S}an {D}iego, \url{http://web.eng.ucsd.edu/mae/groups/combustion/mechanism.html}}}

@article{luo2012,
	Author = {Luo Z.{,} Yoo C.S.{,} Richardson E.S.{,} Chen J.H.{,} Law C.K.{,} Lu T.},
	Journal = {Combust. Flame},
	Pages = {265--274},
	Title = {Chemical explosive mode analysis for a turbulent lifted ethylene jet flame in highly-heated co-flow},
	Volume = {159},
	Year = {2012}}

@article{reitz2004,
	Author = {Patel A.{,} Kong S.{,} Reitz R.},
	Journal = {{SAE} {T}echnical {P}aper 2004-01-0558},
	Note = {doi:10.4271/2004-01-0558},
	Title = {Development and validation of a reduced reaction mechanism for {HCCI} engine simulations},
	Year = {2004}}

@article{pitsch2004,
	Author = {Liu S.{,} Hewson J. C.{,} Chen J. H.{,} Pitsch H.},
	Journal = {Combust. Flame},
	Pages = {320--339},
	Title = {Effects of strain rate on high-pressure nonpremixed $n$-heptane autoignition in counterflow},
	Volume = {137},
	Year = {2004}}

@article{Jachimowski1977,
	Author = {Jachimowski C.J.},
	Journal = {Combust. Flame},
	Pages = {55--66},
	Title = {An experimental and analytical study of acetylene and ethylene oxidation behind shock waves},
	Volume = {29},
	Year = {1977}}

@article{baker1972,
	Author = {Baker J. A.{,} Kinner G.B.},
	Journal = {Combust. Flame},
	Pages = {347--350},
	Title = {Shock-tube studies on the ignition of ethylene-oxygen-argon mixtures},
	Volume = {19},
	Year = {1972}}

@article{kumar2008,
	Author = {Kumar K.{,} Mittal G.{,} Sung C.-J.{,} Law C.K.},
	Journal = {Combust. Flame},
	Pages = {343--354},
	Title = {An experimental investigation of ethylene/{O}$_2$/diluent mixtures: {L}aminar flame speeds with preheat and ignition delays at high pressures},
	Volume = {153},
	Year = {2008}}

@article{Ciezki1993,
	Author = {Ciezki H.K.{,} Adomeit G.},
	Journal = {Combust. Flame},
	Number = {4},
	Pages = {421--433},
	Title = {Shock-tube investigation of self-ignition of $n$-heptane-air mixtures under engine relevant condition},
	Volume = {93},
	Year = {1993}}

@article{egolfopoulos1990,
	Author = {Egolfopoulos F. N.{,} Zhu D. L.{,} Law C. K.},
	Journal = {Proc. Combust. Inst.},
	Pages = {471--478},
	Title = {Experimental and numerical determination of laminar flame speeds: mixtures of {C}$_2$-hydrocarbons with oxygen and nitrogen},
	Volume = {23},
	Year = {1990}}

@article{jomaas2005,
	Author = {Jomaas G.{,} Zheng X.L.{,} Zhu D.L.{,} Law C.K},
	Journal = {Proc. Combust. Inst.},
	Pages = {193--200},
	Title = {Experimental determination of counterflow ignition temperatures and laminar flame speeds of {C}$_2$-{C}$_3$ hydrocarbons at atmospheric and elevated pressures},
	Volume = {30},
	Year = {2005}}

@article{hassan1998,
	Author = {Hassan M. I.{,} Aung K.T.{,} Kwon O.C.{,} Faeth G.M.},
	Journal = {J. Propul. Power},
	Number = {4},
	Pages = {479--488},
	Title = {Properties of laminar premixed hydrocarbon/air flames at various pressures},
	Volume = {14},
	Year = {1998}}

@book{paraview,
	Author = {Ayachit U.},
	Publisher = {Kitware Inc.},
	Title = {The {P}ara{V}iew guide: {A} parallel visualization application},
	Year = {2015}}

@book{catalyst,
	Author = {Bauer A. C.{,} Geveci B.{,} Schroeder W.},
	Publisher = {Kitware Inc.},
	Title = {The {P}ara{V}iew {C}atalyst {U}ser's {G}uide},
	Year = {2015}}

@book{vtk,
	Author = {Schroeder W.{,} Martin K.{,} Lorensen B.},
	Edition = {4th Edition},
	Publisher = {Kitware Inc.},
	Title = {Visualization {T}oolkit: {A}n object-oriented approach to 3{D} graphics},
	Year = {2006}}

@article{Takeno,
	Author = {Mizobuchi Y.{,} Tachibana S.{,} Shinio J.{,} Ogawa S.{,} Takeno T.},
	Journal = {Proc. Combust. Inst.},
	Number = {2},
	Pages = {2009--2015},
	Title = {A numerical analysis of the structure of a turbulent hydrogen jet lifted flame},
	Volume = {29},
	Year = {2002}}
